<record><leader>00000cas a22000007a 4500</leader><controlfield tag="001">19991520</controlfield><controlfield tag="008">890711d19581960mauwr ne      0    0eng d</controlfield><datafield ind1=" " ind2=" " tag="010"><subfield code="a">sn 89062120 </subfield></datafield><datafield ind1=" " ind2=" " tag="040"><subfield code="a">MGN</subfield><subfield code="b">eng</subfield><subfield code="c">MGN</subfield><subfield code="d">NSD</subfield><subfield code="d">OCLCQ</subfield></datafield><datafield ind1=" " ind2=" " tag="042"><subfield code="a">msc</subfield></datafield><datafield ind1="0" ind2="4" tag="245"><subfield code="a">The Concord journal and the colonial.</subfield></datafield><datafield ind1=" " ind2=" " tag="260"><subfield code="a">Concord, Mass. :</subfield><subfield code="b">Concord-Journal, Inc.</subfield></datafield><datafield ind1=" " ind2=" " tag="300"><subfield code="a">v.</subfield></datafield><datafield ind1=" " ind2=" " tag="310"><subfield code="a">Weekly</subfield></datafield><datafield ind1="0" ind2=" " tag="362"><subfield code="a">Vol. 32, no. 21 (May 22, 1958)-v. 34, no. 24 (June 16, 1960).</subfield></datafield><datafield ind1=" " ind2=" " tag="752"><subfield code="a">United States</subfield><subfield code="b">Massachusetts</subfield><subfield code="c">Middlesex</subfield><subfield code="d">Concord.</subfield></datafield><datafield ind1="0" ind2="4" tag="780"><subfield code="t">Concord journal (Concord, Mass. : 1928)</subfield><subfield code="w">(DLC)sn 89062119</subfield></datafield><datafield ind1="0" ind2="4" tag="780"><subfield code="t">Colonial</subfield><subfield code="w">(DLC)sn 89062088</subfield></datafield><datafield ind1="0" ind2="0" tag="785"><subfield code="t">Concord journal (Concord, Mass. : 1960)</subfield><subfield code="x">1081-8138</subfield><subfield code="w">(DLC)sn 89062121</subfield></datafield></record>